@article{article1,
  author  = "María Isabel Estupiñán Cárdenas, Víctor Mauricio Herrera, María Consuelo Miranda Montoya, Anyela Lozano Parra, Zuly Milena Zaraza Moncayo, Janeth Patricia Flórez García, Isabel Rodríguez Barraquer, Luis Ángel Villar Centeno",
  title   = "Heterogeneity of dengue transmission in an endemic area of Colombia",
  year    = "2020",
  month = "September",
  doi = "https://doi.org/10.1371/journal.pntd.0008122"
}

@Article{Dengue_Col,
AUTHOR = {Gutierrez-Barbosa, Hernando and Medina-Moreno, Sandra and Zapata, Juan C. and Chua, Joel V.},
TITLE = {Dengue Infections in Colombia: Epidemiological Trends of a Hyperendemic Country},
JOURNAL = {Tropical Medicine and Infectious Disease},
VOLUME = {5},
YEAR = {2020},
NUMBER = {4},
ARTICLE-NUMBER = {156},
URL = {https://www.mdpi.com/2414-6366/5/4/156},
PubMedID = {33022908},
ISSN = {2414-6366},
DOI = {10.3390/tropicalmed5040156}
}


 
@article{aguiar_anam_blyuss_estadilla_guerrero_knopoff_kooi_srivastav_steindorf_stollenwerk_2022, title={Mathematical models for dengue fever epidemiology: A 10-year systematic review}, volume={40}, DOI={10.1016/j.plrev.2022.02.001}, journal={Physics of Life Reviews}, author={Aguiar, Maíra and Anam, Vizda and Blyuss, Konstantin B. and Estadilla, Carlo Delfin S. and Guerrero, Bruno V. and Knopoff, Damián and Kooi, Bob W. and Srivastav, Akhil Kumar and Steindorf, Vanessa and Stollenwerk, Nico}, year={2022}, month={Mar}, pages={65–92} }
 

@article{article,
author = {Majumder, Maimuna and Cohn, Emily and Fish, Durland and Brownstein, John},
year = {2016},
month = {02},
pages = {},
title = {Estimating a feasible serial interval range for Zika fever},
volume = {10.2471/BLT.16.171009},
journal = {Bulletin of the World Health Organization},
doi = {10.2471/BLT.16.171009}
}



@article{article3,
author = {Angela María Castañeda Oviedo},
year = {2019},
month = {04},
pages = {},
title = {Analisis de Modelos Matematicos para el Dengue y el Zika},
volume = {},
journal = {Facultad de Ciencias, Departamento de Matematicas},
doi = {}
}

@article{pang_mak_gubler_2017, title={Prevention and control of dengue—the light at the end of the tunnel}, volume={17}, url={https://www.thelancet.com/journals/laninf/article/PIIS1473-3099(16)30471-6/fulltext}, DOI={10.1016/S1473-3099(16)30471-6}, number={3}, journal={The Lancet Infectious Diseases}, author={Pang, Tikki and Mak, Tippi K. and Gubler, Duane J.}, year={2017}, month={Mar}, pages={e79–e87} }


@article{quintero_garcia-betancourt_cortes_garcia_alcala_gonzalez-uribe_brochero_carrasquilla_2015, title={Effectiveness and feasibility of long-lasting insecticide-treated curtains and water container covers for dengue vector control in Colombia: a cluster randomised trial}, volume={109}, DOI={10.1093/trstmh/tru208}, number={2}, journal={Transactions of the Royal Society of Tropical Medicine and Hygiene}, author={Quintero, J. and Garcia-Betancourt, T. and Cortes, S. and Garcia, D. and Alcala, L. and Gonzalez-Uribe, C. and Brochero, H. and Carrasquilla, G.}, year={2015}, month={Jan}, pages={116–125} }

@article{claypool_brandeau_goldhaber-fiebert_2021, title={Prevention and control of dengue and Chikungunya in Colombia: A cost-effectiveness analysis}, volume={15}, DOI={10.1371/journal.pntd.0010086}, number={12}, journal={PLOS Neglected Tropical Diseases}, author={Claypool, Anneke L. and Brandeau, Margaret L. and Goldhaber-Fiebert, Jeremy D.}, editor={Messer, William B.}, year={2021}, month={Dec}, pages={e0010086} }

@article{santos_parra-henao_silva_augusto_2014, title={Dengue in Brazil and Colombia: a study of knowledge, attitudes, and practices}, volume={47}, url={https://www.scielo.br/j/rsbmt/a/xZDSChVTB6BPX8Wg9rJWxVv/?lang=en#ModalTablet01}, DOI={10.1590/0037-8682-0048-2014}, journal={Revista da Sociedade Brasileira de Medicina Tropical}, author={Santos, Solange Laurentino dos and Parra-Henao, Gabriel and Silva, Mírcia Betânia Costa e and Augusto, Lia Giraldo da Silva}, year={2014}, pages={783–787} }

@article{carvalho2019mathematical,
  title={Mathematical modeling of dengue epidemic: control methods and vaccination strategies},
  author={Carvalho, Sylvestre Aureliano and da Silva, Stella Olivia and Charret, Iraziet da Cunha},
  journal={Theory in Biosciences},
  volume={138},
  number={2},
  pages={223--239},
  year={2019},
  publisher={Springer}}


@article{Maidana_Yang_2008, title={Describing the geographic spread of dengue disease by traveling waves}, volume={215}, DOI={10.1016/j.mbs.2008.05.008}, number={1}, journal={Mathematical Biosciences}, author={Maidana, Norberto Aníbal and Yang, Hyun Mo}, year={2008}, month={Sep}, pages={64–77} }

@article{mattar2019historia,
  title={La historia del dengue a{\'u}n no termina},
  author={Mattar, Salim and Montero, Jaime and Gonz{\'a}lez, Marco},
  journal={Revista MVZ C{\'o}rdoba},
  volume={24},
  number={2},
  pages={7177--7179},
  year={2019},
  publisher={Universidad de C{\'o}rdoba, Monter{\'\i}a, Colombia.}
}


 @misc{insti, 
 title={Boletín Epidemiológico Semanal},
 url={https://www.ins.gov.co/buscador-eventos/BoletinEpidemiologico/2022_Bolet\%C3\%ADn_epidemiologico_semana_12.pdf}
 journal={Instituto Nacional de Salud},
 author={Instituto Nacional de Salud},
 year={2022}, month={Mar} }

@article{janreung_chinviriyasit_chinviriyasit_2020, title={Mathematical evaluation of the role of cross immunity and nonlinear incidence rate on the transmission dynamics of two dengue serotypes}, volume={2020}, DOI={10.1186/s13662-020-02585-1}, number={1}, journal={Advances in Difference Equations}, author={Janreung, Sutawas and Chinviriyasit, Wirawan and Chinviriyasit, Settapat}, year={2020}, month={Apr} }


 @article{perez, title={Detection of all four dengue serotypes in Aedes aegypti female mosquitoes collected in a rural area in Colombia}, volume={111}, DOI={10.1590/0074-02760150363}, number={4}, journal={Memórias do Instituto Oswaldo Cruz}, author={Pérez-Castro, Rosalía and Castellanos, Jaime E and Olano, Víctor A and Matiz, María Inés and Jaramillo, Juan F and Vargas, Sandra L and Sarmiento, Diana M and Stenström, Thor Axel and Overgaard, Hans J}, year={2016}, month={Apr}, pages={233–240} }

@unknown{genetica,
author = {Gonzalez, Nancy and Velasco-Hernandez, Jorge},
year = {2021},
month = {02},
pages = {},
title = {A mathematical model for the population dynamics of Dengue multiserotype interactions}

@article{medan, title={Stability Analysis Susceptible, Exposed, Infected, Recovered (SEIR) Model for Spread Model for Spread of Dengue Fever in Medan}, DOI={10.1088/1742-6596/954/1/012018}, journal={Journal of Physics: Conference Series}, author={Syafruddin Side, Yulita Molliq Rangkuti, Dian Gerhana Pane and Marlina Setia Sinaga}, year={2018}}

}